@book{griffiths_schroeter_2018, place={Cambridge}, edition={3rd},
	title={Introduction to Quantum Mechanics},
	DOI={10.1017/9781316995433},
	publisher={Cambridge University Press},
	author={Griffiths, David J. and Schroeter, Darrell F.},
	year={2018}
}

@article{ deoliveirasantos2018,
	author = {{de Oliveira Santos, Francois}},
	title = {Resonant Elastic Scattering},
	DOI= "10.1051/epjconf/201818401006",
	url= "https://doi.org/10.1051/epjconf/201818401006",
	journal = {EPJ Web Conf.},
	year = 2018,
	volume = 184,
	pages = "01006",
}

@article{breit_wigner_1936,
  title = {Capture of Slow Neutrons},
  author = {Breit, G. and Wigner, E.},
  journal = {Phys. Rev.},
  volume = {49},
  issue = {7},
  pages = {519--531},
  numpages = {0},
  year = {1936},
  month = {Apr},
  publisher = {American Physical Society},
  doi = {10.1103/PhysRev.49.519},
  url = {https://link.aps.org/doi/10.1103/PhysRev.49.519}
}

